Plačiau apie šaltinių tipus ir jų atributus:
http://mirror.datacenter.by/pub/mirrors/CTAN/macros/latex/contrib/biblatex/doc/biblatex.pdf#subsection.2.1

@misc{Add,
    author={Delfi},
    title={Vilniaus vandenys plės savitarnos sistemą},
    howpublished={\url{ (https://www.delfi.lt/verslas/energetika/vilniaus-vandenys-ples-savitarnos-sistema.d?id=80901303)}},
    year={2019}
}

@misc{one,
    author={Micronaut.io},
    title={Micronaut vs Quarkus vs Spring Boot performance on JDK 14},
    howpublished={\url{ (https://micronaut.io/2020/04/07/micronaut-vs-quarkus-vs-spring-boot-performance-on-jdk-14/)}},
    year={2020}
}

@misc{two,
    author={www.github.com/colesico},
    title={Colesico-Framework 3.7 vs Micronaut 2.0 vs Quarkus 1.5 vs Spring Boot 2.3 Benchmark - 2020},
    howpublished={\url{ (https://github.com/colesico/java-frameworks-comparison)}},
    year={2020}
}

@misc{three,
    author={Pratik Prakash},
    title={Microservice and Serverless With Micronaut + GraalVM},
    howpublished={\url{ (https://dzone.com/articles/micronaut-build-for-next-wave-of-microservices-amp)}},
    year={2020}
}
